% ------------------------------------------------------------------------
@article{liang2015assessing,
  title={Assessing Beijing's PM2. 5 pollution: severity, weather impact, APEC and winter heating},
  author={Liang, Xuan and Zou, Tao and Guo, Bin and Li, Shuo and Zhang, Haozhe and Zhang, Shuyi and Huang, Hui and Chen, Song Xi},
  journal={Proc. R. Soc. A},
  volume={471},
  number={2182},
  pages={20150257},
  year={2015},
  publisher={The Royal Society}
}
% ------------------------------------------------------------------------
@book{montgomery2012introduction,
  title={Introduction to linear regression analysis},
  author={Montgomery, Douglas C and Peck, Elizabeth A and Vining, G Geoffrey},
  volume={821},
  year={2012},
  publisher={John Wiley \& Sons}
}
% ------------------------------------------------------------------------
@article{yueh1997modeling,
  title={Modeling of wind direction signals in polarimetric sea surface brightness temperatures},
  author={Yueh, Simon H},
  journal={IEEE Transactions on Geoscience and Remote Sensing},
  volume={35},
  number={6},
  pages={1400--1418},
  year={1997},
  publisher={IEEE}
}
% ------------------------------------------------------------------------
@book{myers1990classical,
  title={Classical and modern regression with applications},
  author={Myers, Raymond H and Myers, Raymond H},
  volume={2},
  year={1990},
  publisher={Duxbury press Belmont, CA}
}
% ------------------------------------------------------------------------
@book{Kabacoff2015,
title={R in action: Data analysis and graphics with}
author={Kabacoff, Robert}
year={2015}
}
% ------------------------------------------------------------------------
@book{Kabacoff2015,
